<record><leader>00000cas a22000007a 4500</leader><controlfield tag="001">18578292</controlfield><controlfield tag="008">881007d19141920nduwr ne      0    0eng d</controlfield><datafield ind1=" " ind2=" " tag="010"><subfield code="a">sn 88076624 </subfield></datafield><datafield ind1=" " ind2=" " tag="040"><subfield code="a">NOP</subfield><subfield code="b">eng</subfield><subfield code="c">NOP</subfield><subfield code="d">OCLCQ</subfield></datafield><datafield ind1=" " ind2=" " tag="042"><subfield code="a">msc</subfield></datafield><datafield ind1="0" ind2="0" tag="245"><subfield code="a">Mohall tribune-news.</subfield></datafield><datafield ind1=" " ind2=" " tag="260"><subfield code="a">Mohall, N.D. :</subfield><subfield code="b">Charles Lano</subfield></datafield><datafield ind1=" " ind2=" " tag="300"><subfield code="a">6 v. :</subfield><subfield code="b">ill. ;</subfield><subfield code="c">55-56 cm.</subfield></datafield><datafield ind1=" " ind2=" " tag="310"><subfield code="a">Weekly</subfield></datafield><datafield ind1="0" ind2=" " tag="362"><subfield code="a">Vol. 12, no. 36 (Sept. 3, 1914)-v. 17, no. 9 (Apr. 15, 1920).</subfield></datafield><datafield ind1=" " ind2=" " tag="500"><subfield code="a">"A County and City Official Paper", 1914-1917.</subfield></datafield><datafield ind1=" " ind2=" " tag="530"><subfield code="a">Available on microfilm from the State Historical Society of North Dakota.</subfield></datafield><datafield ind1=" " ind2=" " tag="752"><subfield code="a">United States</subfield><subfield code="b">North Dakota</subfield><subfield code="c">Renville</subfield><subfield code="d">Mohall.</subfield></datafield><datafield ind1="0" ind2="0" tag="780"><subfield code="t">Renville County tribune and Mohall news</subfield><subfield code="w">(DLC)sn 88076623</subfield></datafield><datafield ind1="0" ind2="4" tag="785"><subfield code="t">Renville County farmers press</subfield><subfield code="w">(DLC)sn 88076366</subfield></datafield></record>